%% This document is a bibtex export of HAL publication
%% Date of the export : 02/05/2012
%% Criteria : Author : 'friggeri'

%%
%% inria-00490195, version 2
%% http://hal.inria.fr/inria-00490195
%%

%@article{friggeri:2011:inria-00490195:2,
  AUTHOR = {Friggeri, Adrien and Chelius, Guillaume and Fleury, Eric and Fraboulet, Antoine and Mentr{\'e}, France and Lucet, Jean-Christophe},
  TITLE = {{Reconstructing Social Interactions Using an unreliable Wireless Sensor Network}},
  JOURNAL = {{Computer Communications}},
  PUBLISHER = {Elsevier},
  VOLUME = {34},
  NUMBER = {5},
  PAGES = {609--618},
  YEAR = {2011},
  MONTH = Apr,
  KEYWORDS = {complex networks; interaction networks; wireless sensor networks; medical applications},
  DOI = {10.1016/j.comcom.2010.06.005},
  URL = {http://hal.inria.fr/inria-00490195}
}
%% inria-00597448, version 1
%% http://hal.inria.fr/inria-00597448
%%

%% inria-00475921, version 1
%% http://hal.inria.fr/inria-00475921
%%

%@inproceedings{friggeri:2010:inria-00475921:1,
  AUTHOR = {Friggeri, Adrien and Chelius, Guillaume},
  TITLE = {{Biais dans les mesures obtenues par un r{\'e}seau de capteurs sans fil}},
  BOOKTITLE = {{12{\`e}mes Rencontres Francophones sur les Aspects Algorithmiques de T{\'e}l{\'e}communications (AlgoTel)}},
  YEAR = {2010},
  EDITOR = {Maria Gradinariu Potop-Butucaru and Herv{\'e} Rivano},
  KEYWORDS = {france},
  ADDRESS = {Belle Dune, France},
  MONTH = Jun,
  URL = {http://hal.inria.fr/inria-00475921}
}
%% inria-00587942, version 1
%% http://hal.inria.fr/inria-00587942
%%

%% inria-00597446, version 1
%% http://hal.inria.fr/inria-00597446
%%

%@misc{friggeri:2011:inria-00605673:1,
  AUTHOR = {Friggeri, Adrien and Fleury, Eric},
  TITLE = {{Des triangles pour mesurer la coh{\'e}sion sociale : Fellows, une exp{\'e}rimentation sur Facebook}},
  YEAR = {2011},
  MONTH = Jun,
  KEYWORDS = {france},
  NOTE = {S{\'e}minaire w2s @ La Cantine},
  URL = {http://hal.inria.fr/inria-00605673}
}
%% hal-00692548, version 1
%% http://hal.inria.fr/hal-00692548
%%

%@techreport{friggeri:2012:hal-00692548:1,
  AUTHOR = {Friggeri, Adrien and Fleury, Eric},
  TITLE = {{Finding cohesive communities with CÂ³}},
  TYPE = {Rapport de recherche},
  YEAR = {2012},
  MONTH = Apr,
  INSTITUTION = {INRIA},
  NUMBER = {RR-7947},
  URL = {http://hal.inria.fr/hal-00692548}
}
%% inria-00565336, version 2
%% http://hal.inria.fr/inria-00565336
%%

